[gd_scene load_steps=6 format=2]

[sub_resource type="PrismMesh" id=1]

custom_aabb = AABB( 0, 0, 0, 0, 0, 0 )
left_to_right = 0.5
size = Vector3( 2, 2, 2 )
subdivide_width = 0
subdivide_height = 0
subdivide_depth = 0

[sub_resource type="ConcavePolygonShape" id=2]

data = PoolVector3Array( 0, 1, 1, 1, -1, 1, -1, -1, 1, 0, 1, -1, -1, -1, -1, 1, -1, -1, 0, 1, 1, 0, 1, -1, 1, -1, 1, 0, 1, -1, 1, -1, -1, 1, -1, 1, 0, 1, -1, 0, 1, 1, -1, -1, -1, 0, 1, 1, -1, -1, 1, -1, -1, -1, -1, -1, 1, 1, -1, 1, -1, -1, -1, 1, -1, 1, 1, -1, -1, -1, -1, -1 )

[sub_resource type="PrismMesh" id=3]

custom_aabb = AABB( 0, 0, 0, 0, 0, 0 )
left_to_right = 0.5
size = Vector3( 2, 2, 2 )
subdivide_width = 0
subdivide_height = 0
subdivide_depth = 0

[sub_resource type="PrismMesh" id=4]

custom_aabb = AABB( 0, 0, 0, 0, 0, 0 )
left_to_right = 0.5
size = Vector3( 2, 2, 2 )
subdivide_width = 0
subdivide_height = 0
subdivide_depth = 0

[sub_resource type="PrismMesh" id=5]

custom_aabb = AABB( 0, 0, 0, 0, 0, 0 )
left_to_right = 0.5
size = Vector3( 2, 2, 2 )
subdivide_width = 0
subdivide_height = 0
subdivide_depth = 0

[node name="Ramp" type="Spatial" index="0"]

_sections_unfolded = [ "Transform" ]

[node name="1" type="MeshInstance" parent="." index="0"]

editor/display_folded = true
transform = Transform( -9.74322e-08, -2.46174e-06, -7.03299, 0.674289, -20.7046, -4.47768e-09, -0.739723, -18.8732, 9.22265e-07, 0.993362, 20.7743, 21.159 )
layers = 1
material_override = null
cast_shadow = 1
extra_cull_margin = 0.0
use_in_baked_light = false
lod_min_distance = 0.0
lod_min_hysteresis = 0.0
lod_max_distance = 0.0
lod_max_hysteresis = 0.0
mesh = SubResource( 1 )
skeleton = NodePath("..")
material/0 = null
_sections_unfolded = [ "Transform" ]

[node name="StaticBody" type="StaticBody" parent="1" index="0"]

editor/display_folded = true
input_ray_pickable = true
input_capture_on_drag = false
collision_layer = 1
collision_mask = 1
friction = 1.0
bounce = 0.0
constant_linear_velocity = Vector3( 0, 0, 0 )
constant_angular_velocity = Vector3( 0, 0, 0 )

[node name="CollisionShape" type="CollisionShape" parent="1/StaticBody" index="0"]

shape = SubResource( 2 )
disabled = false

[node name="2" type="MeshInstance" parent="." index="1"]

editor/display_folded = true
transform = Transform( 8.35315e-09, -6.64265e-07, -7.03299, 0.995416, 0.455502, -1.99106e-08, 0.0955491, -4.08181, 7.93264e-07, 0.99336, -0.470172, -1.8132 )
layers = 1
material_override = null
cast_shadow = 1
extra_cull_margin = 0.0
use_in_baked_light = false
lod_min_distance = 0.0
lod_min_hysteresis = 0.0
lod_max_distance = 0.0
lod_max_hysteresis = 0.0
mesh = SubResource( 3 )
skeleton = NodePath("..")
material/0 = null
_sections_unfolded = [ "Transform" ]

[node name="StaticBody" type="StaticBody" parent="2" index="0"]

editor/display_folded = true
input_ray_pickable = true
input_capture_on_drag = false
collision_layer = 1
collision_mask = 1
friction = 1.0
bounce = 0.0
constant_linear_velocity = Vector3( 0, 0, 0 )
constant_angular_velocity = Vector3( 0, 0, 0 )

[node name="CollisionShape" type="CollisionShape" parent="2/StaticBody" index="0"]

shape = SubResource( 2 )
disabled = false

[node name="3" type="MeshInstance" parent="." index="2"]

editor/display_folded = true
transform = Transform( 4.08968e-08, -6.22137e-07, -7.03299, 0.883822, 1.97717, -8.64246e-08, 0.467805, -3.59992, 7.72201e-07, 0.993359, 1.12343, -9.858 )
layers = 1
material_override = null
cast_shadow = 1
extra_cull_margin = 0.0
use_in_baked_light = false
lod_min_distance = 0.0
lod_min_hysteresis = 0.0
lod_max_distance = 0.0
lod_max_hysteresis = 0.0
mesh = SubResource( 4 )
skeleton = NodePath("..")
material/0 = null
_sections_unfolded = [ "Transform" ]

[node name="StaticBody" type="StaticBody" parent="3" index="0"]

editor/display_folded = true
input_ray_pickable = true
input_capture_on_drag = false
collision_layer = 1
collision_mask = 1
friction = 1.0
bounce = 0.0
constant_linear_velocity = Vector3( 0, 0, 0 )
constant_angular_velocity = Vector3( 0, 0, 0 )

[node name="CollisionShape" type="CollisionShape" parent="3/StaticBody" index="0"]

shape = SubResource( 2 )
disabled = false

[node name="4" type="MeshInstance" parent="." index="3"]

editor/display_folded = true
transform = Transform( 6.90987e-08, -3.78667e-07, -7.03299, 0.598996, 2.39604, -4.21582e-07, 0.800742, -1.79236, 9.22265e-07, 0.993358, 4.73273, -15.7511 )
layers = 1
material_override = null
cast_shadow = 1
extra_cull_margin = 0.0
use_in_baked_light = false
lod_min_distance = 0.0
lod_min_hysteresis = 0.0
lod_max_distance = 0.0
lod_max_hysteresis = 0.0
mesh = SubResource( 5 )
skeleton = NodePath("..")
material/0 = null
_sections_unfolded = [ "Transform" ]

[node name="StaticBody" type="StaticBody" parent="4" index="0"]

editor/display_folded = true
input_ray_pickable = true
input_capture_on_drag = false
collision_layer = 1
collision_mask = 1
friction = 1.0
bounce = 0.0
constant_linear_velocity = Vector3( 0, 0, 0 )
constant_angular_velocity = Vector3( 0, 0, 0 )

[node name="CollisionShape" type="CollisionShape" parent="4/StaticBody" index="0"]

shape = SubResource( 2 )
disabled = false


